% This file was created with JabRef 2.5.
% Encoding: Cp1252

 @misc{fig:symMag,
   author = "symmetrymagazine.org",
   title = "The skinny on the LHC's heavy ions",
   year = "2016",
   url = "http://www.symmetrymagazine.org/breaking/2010/11/05/the-skinny-on-the-lhcs-heavy-ions",
   note = "[Online; accessed 15-August-2016]",
 }

@misc{modelFigure,
  key = {Standard Model Figure},
  year = {2012},
  howpublished = {\url{http://sbhep-nt.physics.sunysb.edu/HEP/AcceleratorGroup/index.html}},
  note = {Accessed: 07-22-2016},
}

 @misc{ wiki:Figure,
   author = "Wikipedia",
   title = "Standard Model --- Wikipedia{,} The Free Encyclopedia",
   year = "2016",
   url = "https://en.wikipedia.org/w/index.php?title=Standard_Model&oldid=730736480",
   note = "[Online; accessed 22-July-2016]",
 }
 


@misc{CMS:lumi,
  title="{CMS} Luminosity Public Results",
  author={{CMS Collaboration}},
  year={2016},
  howpublished={\url{https://twiki.cern.ch/twiki/bin/view/CMSPublic/LumiPublicResults}},
  }
  

@article{lumiConcepts,
         author  = {Werner Herr and Bruno Muratori},
         title          = "Concept of luminosity",
         journal        = "proceedings of CERN Accelerator School",
         year           = "2003",
}



@article{fill-schemes,
         author  = {R. Bailey and P. Collier},
         title          = "Standard filling schemes for the various {LHC} operation modes",
         journal        = "{LHC} Project Note 323",
         year           = "2004",
}



@techreport{Dabrowski:1966978,
      author        = "Dabrowski, Anne",
      title         = "{Upgrade of the CMS instrumentation for luminosity and
                       machine induced background measurements}",
      institution   = "CERN",
      collaboration = "CMS",
      address       = "Geneva",
      number        = "CMS-CR-2014-362",
      month         = "Oct",
      year          = "2014",
      reportNumber  = "CMS-CR-2014-362",
      url           = "https://cds.cern.ch/record/1966978",
}

@article{Kornmayer2015,
  title = "The {CMS} pixel luminosity telescope ",
  journal = "Nucl. Instrum. Meth. A",
  year = "2015",
  note = "",
  issn = "0168-9002",
  doi = "10.1016/j.nima.2015.09.104",
  url = "http://www.sciencedirect.com/science/article/pii/S0168900215011936",
  author = "A. Kornmayer",
  keywords = "{CMS}",
  keywords = "Luminosity",
  keywords = "Silicon pixel detectors"
}

@article{Allkofer:2007ek,
      author         = "Allkofer, Y. and others",
      title          = "{Design and performance of the silicon sensors for the
                        CMS barrel pixel detector}",
      journal        = "Nucl. Instrum. Meth.",
      volume         = "A584",
      year           = "2008",
      pages          = "25-41",
      doi            = "10.1016/j.nima.2007.08.151",
      eprint         = "physics/0702092",
      archivePrefix  = "arXiv",
      primaryClass   = "PHYSICS",
      SLACcitation   = "%%CITATION = PHYSICS/0702092;%%"
}

@article{Kastli:2005jj,
      author         = "K{\"a}stli, H. Chr. and Barbero, M. and Erdmann, W. and
                        Hormann, Ch. and Horisberger, R. and Kotlinski, D. and
                        Meier, B.",
      title          = "{Design and performance of the CMS pixel detector readout
                        chip}",
      booktitle      = "{Proceedings,  3rd International Workshop on
                        Semiconductor Pixel Detectors for Particles and Imaging
                        (PIXEL 2005)}",
      journal        = "Nucl. Instrum. Meth.",
      volume         = "A565",
      year           = "2006",
      pages          = "188-194",
      doi            = "10.1016/j.nima.2006.05.038",
      eprint         = "physics/0511166",
      archivePrefix  = "arXiv",
      primaryClass   = "physics",
      SLACcitation   = "%%CITATION = PHYSICS/0511166;%%"
}

@misc{ROCManual,
  title = 	 {PSI46 Pixel Chip - External Specification},
  author = 	 {Kurt Gabathuler},
  year = 	 {2005},
  howpublished = "{\url{http://cmspixel.phys.ethz.ch/docs/psi46-readout-chip/psi46v2.pdf}}"
}

@phdthesis{Barbero:467141,
      author        = "Barbero, M",
      title         = "Development of a radiation-hard pixel read out chip with trigger capability",
      school        = "Basel U.",
      address       = "Basel",
      year          = "2003",
      note           = "\url{https://cds.cern.ch/record/467141}",
}

@inproceedings{BartzTBM,
  AUTHOR       = "Bartz, Edward",
  TITLE        = "The 0.25$\mu$m Token Bit Manager Chip for the {CMS} Pixel Readout",
  BOOKTITLE    = "11$^\text{th}$ Workshop on Electronics for LHC and Future Experiments",
  YEAR         = "2005",
  PUBLISHER    = "CERN",
  NOTE         = "CERN-2005-011",
  URL          = "https://cds.cern.ch/record/920426",
  DOI          = "10.5170/CERN-2005-011.153"
}

@techreport{vanderMeer:296752,
      author        = "Van Der Meer, S",
      title         = "{Calibration of the effective beam height in the ISR}",
      institution   = "CERN",
      address       = "Geneva",
      number        = "CERN-ISR-PO-68-31. ISR-PO-68-31",
      year          = "1968",
      url           = "https://cds.cern.ch/record/296752",
}

@techreport{AN-16-004,
     AUTHOR       = "Jacob Salfeld-Nebgen and Olga Driga and Olena Karacheban and Jessica Leonard and Paul Lujan and Keith Rose and Christopher Palmer",
     INSTITUTION = "Lumi POG",
     TITLE        = "{CMS} Analysis of August 2015 {Van der Meer} Scans",
     TYPE         = "CMS Analysis Note",
     NUMBER       = "CMS-AN-2016/004",
     URL          = "http://cms.cern.ch/iCMS/jsp/openfile.jsp?tp=draft&files=AN2016_004_v5.pdf",
     YEAR         = "2016"
}

@techreport{PLT:AN-16-002_v3,
     AUTHOR       = "Paul Lujan and Grant Riley and Keith Rose and Stefan Spanier and Krishna Thapa",
     INSTITUTION = "BRIL PLT",     
     TITLE        = "{PLT} Luminosity Measurement, Corrections, and Systematic Uncertainty for the 2015 Run",
     TYPE         = "CMS Analysis Note",
     NUMBER       = "CMS-AN-2016/002",
     YEAR         = "2016"
}

@phdthesis{thesis:Tuna,
  title="Evidence for Decays of the {Higgs} Boson to Tau Leptons at {ATLAS}",
  author={A. Tuna},
  year={2015},
  school={University of Pennsylvania}
}


@unpublished{Christiane:1260465,
      author        = "Christiane Lefèvre",
      title         = "{The CERN accelerator complex. Complexe des
                       accélérateurs du CERN}",
      month         = "Dec",
      year          = "2008",
      reportNumber  = "CERN-DI-0812015",
      url           = "https://cds.cern.ch/record/1260465",
}


@misc{wiki:SMfigure,
 author  = "User:MissMJ, Nasfarley88 and others",
 title   = "Standard Model of Elementary Particles",
 year    = "2014",
 urlseen = "08-12-2016",
 howpublished = {\url{http://commons.wikimedia.org/wiki/File:Standard_Model_of_Elementary_Particles_modified_version.svg}}
}


@phdthesis{White:1308187,
      author        = "White, Simon Mathieu and Burkhardt, H and Puzo, P",
      title         = "{Determination of the Absolute Luminosity at the LHC}",
      school        = "Orsay, Université Paris-Sud 11",
      address       = "Orsay",
      year          = "2010",
      reportNumber  = "CERN-THESIS-2010-139",
      url           = "https://cds.cern.ch/record/1308187",
      note          = "Presented on 11 Oct 2010",
}


@techreport{Collaboration:1433717,
      author        = "CMS Collaboration",
      title         = "Detector Drawings",
      year          = "2012",
      reportNumber  = "CMS-PHO-GEN-2012-002",
      howpublished  = {\url{http://cds.cern.ch/record/1433717}},
      note          = "CMS Collection.",
}


@Article{Chatrchyan:2008,
     author    = "CMS Collaboration",
     collaboration = "CMS",
     title     = "The {CMS} experiment at the {CERN} {LHC}",
     journal   = "JINST",
     volume    = "3",
     year      = "2008",
     pages     = "S08004",
     doi       = "10.1088/1748-0221/3/08/S08004",
     SLACcitation  = "%%CITATION = JINST,3,S08004;%%"
}


@book{cms:solenoid,
      title         = "The {CMS} magnet project: Technical Design Report",
      publisher     = "CERN",
      author = {CMS Collaboration},
      address       = "Geneva",
      series        = "Technical Design Report CMS",
      year          = "1997",
      howpublished   = {\url{https://cds.cern.ch/record/331056}},
}


 @misc{fig:CMSDetector,
   author = "Tai Sakuma",
   title = "3D SketchUp images of the CMS detector (120918)",
   year = "2016",
   url = "https://cms-docdb.cern.ch/cgi-bin/PublicDocDB/ShowDocument?docid=11514",
   note = "CMS Document 11514-v3",
 }

@article{TRK-11-001,
      author         = "Chatrchyan, Serguei and others",
      title          = "{Description and performance of track and
                        primary-vertex reconstruction with the CMS
                        tracker}",
      collaboration  = "CMS",
      journal           = "JINST",
      volume          = "9",
      pages           = "P10009",
      doi            = "10.1088/1748-0221/9/10/P10009",
      year           = "2014",
      eprint         = "1405.6569",
      archivePrefix  = "arXiv",
      primaryClass   = "physics.ins-det",
      reportNumber   = "CMS-TRK-11-001, CERN-PH-EP-2014-070",
      SLACcitation   = "%%CITATION = ARXIV:1405.6569;%%",
}


@article{Pernicka:1091743,
      author        = "Pernicka, M and Kotlinski, D and Johns, W and Steininger,
                       H and Schmid, H",
      title         = "{The CMS Pixel FED}",
      year          = "2007",
      url           = "https://cds.cern.ch/record/1091743",
}

@article{Salam:1968,
      author         = "A. Salam",
      title          = "Weak and Electromagnetic Interactions",
      journal        = "Conf.Proc.",
      volume         = "C680519",
      pages          = "367-377",
      year           = "1968",
      SLACcitation   = "%%CITATION = CONFP,C680519,367;%%",
}


@article{Weinberg:1967,
  title = "A Model of Leptons",
  author = {S. Weinberg},
  journal = {Phys. Rev. Lett.},
  volume = {19},
  issue = {21},
  pages = {1264--1266},
  numpages = {0},
  year = {1967},
  publisher = {American Physical Society},
  doi = {10.1103/PhysRevLett.19.1264},
  url = {http://link.aps.org/doi/10.1103/PhysRevLett.19.1264}
}


@article{Glashow:1961,
         author         = "S. L. Glashow",
         title          = "Partial symmetries of weak interactions",
         journal        = "Nucl.Phys.",
         volume         = "22",
         pages          = "579-588",
         doi            = "10.1016/0029-5582(61)90469-2",
         year           = "1961",
}



@misc{TTCI,
  key = {TTCci User Guide},
  year = {2007},
  howpublished = {\url{http://cmsdoc.cern.ch/cms/TRIDAS/ttc/modules/ttcci/}},
  note = {Accessed: 09-26-2016},
}

@article{PhysRevLett.13.321,
  title = {Broken Symmetry and the Mass of Gauge Vector Mesons},
  author = {Englert, F. and Brout, R.},
  journal = {Phys. Rev. Lett.},
  volume = {13},
  issue = {9},
  pages = {321--323},
  numpages = {0},
  year = {1964},
  month = {Aug},
  publisher = {American Physical Society},
  doi = {10.1103/PhysRevLett.13.321},
  url = {http://link.aps.org/doi/10.1103/PhysRevLett.13.321}
}


@article{PhysRevLett.13.508,
  title = {Broken Symmetries and the Masses of Gauge Bosons},
  author = {Higgs, Peter W.},
  journal = {Phys. Rev. Lett.},
  volume = {13},
  issue = {16},
  pages = {508--509},
  numpages = {0},
  year = {1964},
  month = {Oct},
  publisher = {American Physical Society},
  doi = {10.1103/PhysRevLett.13.508},
  url = {http://link.aps.org/doi/10.1103/PhysRevLett.13.508}
}
